%!TEX root = ../main.tex

@book{ChaconHamano2009,
  title={{Pro Git}},
  author={Chacon, Scott and Hamano, Junio C},
  volume={288},
  year={2009},
  publisher={Springer}
}